@misc{Heaplab,
  title={Heaplab},
  author={Max Kamper},
  year = {2021},
  url = {https://www.udemy.com/course/linux-heap-exploitation-part-1/learn/lecture/19857768?start=75#content}
}
@misc{Bypassingsl,
  title={bypassing the upcoming safe linking mitigation},
  author={Robert Crandall},
  year = {2020},
  url = {https://www.researchinnovations.com/post/bypassing-the-upcoming-safe-linking-mitigation}
}
@misc{elixir.bootlin,
  author = {Thomas Petazzoni},
  title = {elixir.bootlin},
  year = {2024},
  url = {https://elixir.bootlin.com/linux/latest/source}
}
@misc{PWNYABLE,
  title={PAWNYABLE},
  author={ptrYudai},
  year = {2022},
}
